@online{opencl_example,
   author		= {Hollander, Kalauner},
   title		= {OpenCL Example},
   howpublished = {\url {https://github.com/ReneHollander/opencl-example.git}},
   note			= {zuletzt besucht: 15.01.2016}
}

@online{comparison,
   author		= {Nvidia},
   title		= {Cuda Toolkit Documentation},
   howpublished = {\url {http://docs.nvidia.com/cuda/cuda-c-programming-guide/index.html#simt-}},
   note			= {zuletzt besucht: 23.01.2016}
}

@online{elko,
   author		= {Elektronik-Kompendium.de},
   title		= {GPGPU - General Purpose Computation on Graphics Processing Unit},
   howpublished = {\url {http://www.elektronik-kompendium.de/sites/com/1405281.htm}},
   note			= {zuletzt besucht: 23.01.2016}
}

@online{Ausarbeitung,
   author		= {Hollander, Kalauner},
   title		= {GPGPU - Ausarbeitung},
   howpublished = {\url {https://elearning.tgm.ac.at/mod/resource/view.php?id=45929}},
   note			= {zuletzt besucht: 23.01.2016}
}

@online{cuda,
   author		= {Nvidia},
   title		= {CUDA Toolkit},
   howpublished = {\url {https://developer.nvidia.com/cuda-toolkit}},
   note			= {zuletzt besucht: 23.01.2016}
}

@online{gpsme,
   author		= {http://www.gp-sme.eu/},
   title		= {A GENERAL TOOLKIT FOR “GPUTILISATION” IN SME APPLICATIONS},
   howpublished = {\url {http://www.gp-sme.eu/}},
   note			= {zuletzt besucht: 23.01.2016}
}

@online{transpiler,
   author		= {http://www.computerhope.com/jargon/t/transcompiler.htm},
   title		= {Transcompiler},
   howpublished = {\url {http://www.computerhope.com/jargon/t/transcompiler.htm}},
   note			= {zuletzt besucht: 23.01.2016}
}

@online{repo,
   author		= {Michael Weinberger},
   title		= {DezSys08},
   howpublished = {\url {https://github.com/mweinberger-tgm/DezSys08.git}},
   note			= {zuletzt besucht: 23.01.2016}
}
