@online{opencl_example,
   author		= {Hollander, Kalauner},
   title		= {OpenCL Example},
   howpublished = {\url {https://github.com/ReneHollander/opencl-example.git}},
   note			= {zuletzt besucht: 15.01.2016}
}

@online{comparison,
   author		= {Nvidia},
   title		= {Cuda Toolkit Documentation},
   howpublished = {\url {http://docs.nvidia.com/cuda/cuda-c-programming-guide/index.html#simt-}},
   note			= {zuletzt besucht: 23.01.2016}
}

@online{elko,
   author		= {Elektronik-Kompendium.de},
   title		= {GPGPU - General Purpose Computation on Graphics Processing Unit},
   howpublished = {\url {http://www.elektronik-kompendium.de/sites/com/1405281.htm}},
   note			= {zuletzt besucht: 23.01.2016}
}

@online{Ausarbeitung,
   author		= {Hollander, Kalauner},
   title		= {GPGPU - Ausarbeitung},
   howpublished = {\url {https://elearning.tgm.ac.at/mod/resource/view.php?id=45929}},
   note			= {zuletzt besucht: 23.01.2016}
}
